@article{lecun2015deep,
  title={Deep learning},
  author={LeCun, Yann and Bengio, Yoshua and Hinton, Geoffrey},
  journal={nature},
  volume={521},
  number={7553},
  pages={436},
  year={2015},
  publisher={Nature Publishing Group}
}

@article{BLAS2002,
 title = {An Updated Set of Basic Linear Algebra Subprograms (BLAS)},
 journal = {ACM Trans. Math. Softw.},
 issue_date = {June 2002},
 volume = {28},
 number = {2},
 month = jun,
 year = {2002},
 issn = {0098-3500},
 pages = {135--151},
 numpages = {17},
 url = {http://doi.acm.org/10.1145/567806.567807},
 doi = {10.1145/567806.567807},
 acmid = {567807},
 publisher = {ACM},
 address = {New York, NY, USA},
 keywords = {BLAS, linear algebra, standards}
} 


@article{Samek17,
  author    = {Wojciech Samek and
               Thomas Wiegand and
               Klaus{-}Robert M{\"{u}}ller},
  title     = {Explainable Artificial Intelligence: Understanding, Visualizing and Interpreting Deep Learning Models},
  journal   = {CoRR},
  volume    = {abs/1708.08296},
  year      = {2017},
  url       = {http://arxiv.org/abs/1708.08296},
}

@misc{Warden15,
  title={Why GEMM is at the heart of deep learning?},
  author={Pete Warden},
  howpublished = {https://petewarden.com/2015/04/20/why-gemm-is-at-the-heart-of-deep-learning/},
  year={2015}
}
@phdthesis{Jia14,
  author       = {Yangqing Jia}, 
  title        = {Learning Semantic Image Representations at a Large Scale},
  school       = {Univ. of California at Berkeley},
  year         = 2014,
  address      = {Berkely, Calif.},
}
 
@techreport{Matthes17,
  author       = {Alexander Matthes and Rene Widera and Erik Zenker and Benjamin Worpitz and Axel Huebl and Michael Bussmann}, 
  title        = {Tuning and optimization for a variety of many-core architectures without changing a single line of implementation code using the Alpaka library},
  year         = 2017,
  address      = {https://arxiv.org/abs/1706.10086},
}

@InProceedings{Chen18,
  author    = {Tianqi Chen and
               Thierry Moreau and
               Ziheng Jiang and
               Haichen Shen and
               Eddie Q. Yan and
               Leyuan Wang and
               Yuwei Hu and
               Luis Ceze and
               Carlos Guestrin and
               Arvind Krishnamurthy},
  title     = {{TVM:} End-to-End Optimization Stack for Deep Learning},
  year      = {2018},
  url       = {http://arxiv.org/abs/1802.04799},
}

@inproceedings{He15,
  Author    = {Kaiming He and
               Xiangyu Zhang and
               Shaoqing Ren and
               Jian Sun},
  Title     = {Deep Residual Learning for Image Recognition},
  Booktitle = {arXiv prepring arXiv:1506.01497},
  Year      = {2015}}
  
@book{bellman2015adaptive,
  title={Adaptive control processes: a guided tour},
  author={Bellman, Richard E},
  year={1961},
  publisher={Princeton university press}
}

@incollection{hinton2012practical,
  title={A practical guide to training restricted Boltzmann machines},
  author={Hinton, Geoffrey E},
  booktitle={Neural networks: Tricks of the trade},
  pages={599--619},
  year={2012},
  publisher={Springer}
}

@incollection{lecun2012efficient,
  title={Efficient backprop},
  author={LeCun, Yann A and Bottou, L{\'e}on and Orr, Genevieve B and M{\"u}ller, Klaus-Robert},
  booktitle={Neural networks: Tricks of the trade},
  pages={9--48},
  year={2012},
  publisher={Springer}
}

@inproceedings{larochelle2007empirical,
  title={An empirical evaluation of deep architectures on problems with many factors of variation},
  author={Larochelle, Hugo and Erhan, Dumitru and Courville, Aaron and Bergstra, James and Bengio, Yoshua},
  booktitle={Proceedings of the 24th international conference on Machine learning},
  pages={473--480},
  year={2007},
  organization={ACM}
}

@article{bergstra2012random,
  title={Random search for hyper-parameter optimization},
  author={Bergstra, James and Bengio, Yoshua},
  journal={Journal of Machine Learning Research},
  volume={13},
  number={Feb},
  pages={281--305},
  year={2012}
}

@inproceedings{hutter2011sequential,
  title={Sequential model-based optimization for general algorithm configuration},
  author={Hutter, Frank and Hoos, Holger H and Leyton-Brown, Kevin},
  booktitle={International Conference on Learning and Intelligent Optimization},
  pages={507--523},
  year={2011},
  organization={Springer}
}

@inproceedings{bergstra2011algorithms,
  title={Algorithms for hyper-parameter optimization},
  author={Bergstra, James S and Bardenet, R{\'e}mi and Bengio, Yoshua and K{\'e}gl, Bal{\'a}zs},
  booktitle={Advances in neural information processing systems},
  pages={2546--2554},
  year={2011}
}

@inproceedings{hoffman2014modular,
  title={Modular mechanisms for bayesian optimization},
  author={Hoffman, Matthew W and Shahriari, Bobak},
  booktitle={NIPS Workshop on Bayesian Optimization},
  pages={1--5},
  year={2014},
  organization={Citeseer}
}

% MCMC
@inproceedings{snoek2012practical,
  title={Practical bayesian optimization of machine learning algorithms},
  author={Snoek, Jasper and Larochelle, Hugo and Adams, Ryan P},
  booktitle={Advances in neural information processing systems},
  pages={2951--2959},
  year={2012}
}

% hyperopt
@inproceedings{bergstra2013hyperopt,
  title={Hyperopt: A python library for optimizing the hyperparameters of machine learning algorithms},
  author={Bergstra, James and Yamins, Dan and Cox, David D},
  booktitle={Proceedings of the 12th Python in Science Conference},
  pages={13--20},
  year={2013},
  organization={Citeseer}
}





%GpyOpt https://sheffieldml.github.io/GPyOpt/citation/index.html
@Misc{gpyopt2016,
  author =   {GPyOpt-authors},
  title =    {GPyOpt: A Bayesian Optimization framework in Python},
  howpublished = {\url{http://github.com/SheffieldML/GPyOpt}},
  year = {2016}
}

@misc{clark2014moe,
  title={MOE: A global, black box optimization engine for real world metric optimization},
  author={Clark, Scott and Liu, Eric and Frazier, Peter and Wang, JiaLei and Oktay, Deniz and Vesdapunt, Norases},
  howpublished = {\url{https://github.com/Yelp/MOE}},
  year={2014}
}


@INPROCEEDINGS{klein-bayesopt17,
    author    = {A. Klein and S. Falkner and N. Mansur and F. Hutter},
    title     = {RoBO: A Flexible and Robust Bayesian Optimization Framework in Python},
    booktitle = {NIPS 2017 Bayesian Optimization Workshop},
    year      = {2017},
    month     = {Dec}
}

@misc{smac-2017,
    title={SMAC v3: Algorithm Configuration in Python},
    author={Marius Lindauer and Katharina Eggensperger and Matthias Feurer and Stefan Falkner and Andr√© Biedenkapp and Frank Hutter},
    year={2017},
    publisher={GitHub},
    howpublished={\url{https://github.com/automl/SMAC3}}
}


@article{kandasamy2018neural,
  title={Neural architecture search with bayesian optimisation and optimal transport},
  author={Kandasamy, Kirthevasan and Neiswanger, Willie and Schneider, Jeff and Poczos, Barnabas and Xing, Eric},
  journal={arXiv preprint arXiv:1802.07191},
  year={2018}
}




@article{LoshchilovH16,
  author    = {Ilya Loshchilov and
               Frank Hutter},
  title     = {{CMA-ES} for Hyperparameter Optimization of Deep Neural Networks},
  journal   = {CoRR},
  volume    = {abs/1604.07269},
  year      = {2016},
  url       = {http://arxiv.org/abs/1604.07269},
  archivePrefix = {arXiv},
  eprint    = {1604.07269},
  timestamp = {Mon, 13 Aug 2018 16:47:26 +0200}
}



@article{salimans2017evolution,
  title={Evolution strategies as a scalable alternative to reinforcement learning},
  author={Salimans, Tim and Ho, Jonathan and Chen, Xi and Sidor, Szymon and Sutskever, Ilya},
  journal={arXiv preprint arXiv:1703.03864},
  year={2017}
}





@book{Holland1975,
  title={Adaptation in Natural and Artificial Systems},
  author={J. H. Holland},
  year={1975},
  publisher={The University of Michigan Press}
}

@book{Goldberg1989,
  title={Genetic Algorithms in Search, Optimization and Machine Learning},
  author={D. E. Goldberg},
  year={1989},
  publisher={Addison-Wesley Longman Publishing Co.}
}

@Article{Storn1997,
    author="Storn, Rainer and Price, Kenneth",
    title="Differential Evolution -- A Simple and Efficient Heuristic for global Optimization over Continuous Spaces",
    journal="Journal of Global Optimization",
    year="1997",
    month="Dec",
    day="01",
    volume="11",
    number="4",
    pages="341--359",
    issn="1573-2916",
    doi="10.1023/A:1008202821328",
    url="https://doi.org/10.1023/A:1008202821328"
}


@book{larranaga2001estimation,
  title={Estimation of distribution algorithms: A new tool for evolutionary computation},
  author={Larra{\~n}aga, Pedro and Lozano, Jose A},
  volume={2},
  year={2001},
  publisher={Springer Science \& Business Media}
}

@article{bosman2007adapted,
  title={Adapted maximum-likelihood Gaussian models for numerical optimization with continuous EDAs},
  author={Bosman, Peter Alexander Nicolaas and Grahl, J{\"o}rn and Thierens, Dirk},
  journal={Software Engineering [SEN]},
  number={E0704},
  year={2007},
  publisher={CWI}
}

@article{kennedy2001swarm,
  title={Swarm intelligence. 2001},
  author={Kennedy, James and Eberhart, Russell C and Shi, Y},
  journal={Kaufmann, San Francisco},
  volume={1},
  pages={700--720},
  year={2001}
}

@book{Rubinstein2004,
  title={The Cross-Entropy Method: A Unified Approach to Combinatorial Optimization, Monte-Carlo Simulation and Machine Learning},
  author={R. Y. Rubinstein and D. P. Kroese},
  year={2004},
  publisher={Springer}
}


@article{rechenberg1994evolutionsstrategie,
  title={Evolutionsstrategie: Optimierung technischer Systeme nach Prinzipien der biologischen Evolution},
  author={I. Rechenberg and M. Eigen},
  journal={Frommann-Holzboog Verlag, Stuttgart},
  year= {1973}
}


@book{schwefel1977numerische,
  title={Numerische Optimierung von Computer-Modellen mittels der Evolutionsstrategie: mit einer vergleichenden Einf{\"u}hrung in die Hill-Climbing-und Zufallsstrategie},
  author={Schwefel, Hans-Paul},
  year={1977},
  publisher={Birkh{\"a}user}
}


@article{hansen2001completely,
  title={Completely derandomized self-adaptation in evolution strategies},
  author={Hansen, Nikolaus and Ostermeier, Andreas},
  journal={Evolutionary computation},
  volume={9},
  number={2},
  pages={159--195},
  year={2001},
  publisher={MIT Press}
}


@article{wierstra2014natural,
  title={Natural evolution strategies},
  author={Wierstra, Daan and Schaul, Tom and Glasmachers, Tobias and Sun, Yi and Peters, Jan and Schmidhuber, J{\"u}rgen},
  journal={The Journal of Machine Learning Research},
  volume={15},
  number={1},
  pages={949--980},
  year={2014},
  publisher={JMLR. org}
}

@article{bello2017neural,
  title={Neural optimizer search with reinforcement learning},
  author={Bello, Irwan and Zoph, Barret and Vasudevan, Vijay and Le, Quoc V},
  journal={arXiv preprint arXiv:1709.07417},
  year={2017}
}

@article{mirhoseini2017device,
  title={Device placement optimization with reinforcement learning},
  author={Mirhoseini, Azalia and Pham, Hieu and Le, Quoc V and Steiner, Benoit and Larsen, Rasmus and Zhou, Yuefeng and Kumar, Naveen and Norouzi, Mohammad and Bengio, Samy and Dean, Jeff},
  journal={arXiv preprint arXiv:1706.04972},
  year={2017}
}

@article{ramachandran2018searching,
  title={Searching for activation functions},
  author={Ramachandran, Prajit and Zoph, Barret and Le, Quoc V},
  year={2018}
}

@article{zoph2016neural,
  title={Neural architecture search with reinforcement learning},
  author={Zoph, Barret and Le, Quoc V},
  journal={arXiv preprint arXiv:1611.01578},
  year={2016}
}
@article{pham2018efficient,
  title={Efficient Neural Architecture Search via Parameter Sharing},
  author={Pham, Hieu and Guan, Melody Y and Zoph, Barret and Le, Quoc V and Dean, Jeff},
  journal={arXiv preprint arXiv:1802.03268},
  year={2018}
}


@article{Tianqi2018,
  author    = {Tianqi Chen and
               Lianmin Zheng and
               Eddie Q. Yan and
               Ziheng Jiang and
               Thierry Moreau and
               Luis Ceze and
               Carlos Guestrin and
               Arvind Krishnamurthy},
  title     = {Learning to Optimize Tensor Programs},
  year      = {2018},
  url       = {http://arxiv.org/abs/1805.08166},
  archivePrefix = {arXiv},
  eprint    = {1805.08166},
  timestamp = {Mon, 13 Aug 2018 16:46:09 +0200}
}






@article{liaw2018tune,
    title={Tune: A Research Platform for Distributed Model Selection and Training},
    author={Liaw, Richard and Liang, Eric and Nishihara, Robert
            and Moritz, Philipp and Gonzalez, Joseph E and Stoica, Ion},
    journal={arXiv preprint arXiv:1807.05118},
    year={2018}
}


@article{leary2017xla,
  title={XLA: TensorFlow, compiled},
  author={Leary, Chris and Wang, Todd},
  journal={TensorFlow Dev Summit},
  year={2017}
}

@article{truong2016latte,
  title={Latte: a language, compiler, and runtime for elegant and efficient deep neural networks},
  author={Truong, Leonard and Barik, Rajkishore and Totoni, Ehsan and Liu, Hai and Markley, Chick and Fox, Armando and Shpeisman, Tatiana},
  journal={ACM SIGPLAN Notices},
  volume={51},
  number={6},
  pages={209--223},
  year={2016},
  publisher={ACM}
}

@inproceedings{chen2016xgboost,
  title={Xgboost: A scalable tree boosting system},
  author={Chen, Tianqi and Guestrin, Carlos},
  booktitle={Proceedings of the 22nd acm sigkdd international conference on knowledge discovery and data mining},
  pages={785--794},
  year={2016},
  organization={ACM}
}


@article{nnvm2017,
  author    = {NNVM},
  title     = {NNVM compiler: Open compiler for AI frameworks},
  year      = {2017},
  url       = {http://tvmlang.org/2017/10/06/nnvm-compiler-announcement.html}
}


@article{ragan2013halide,
  title={Halide: a language and compiler for optimizing parallelism, locality, and recomputation in image processing pipelines},
  author={Ragan-Kelley, Jonathan and Barnes, Connelly and Adams, Andrew and Paris, Sylvain and Durand, Fr{\'e}do and Amarasinghe, Saman},
  journal={ACM SIGPLAN Notices},
  volume={48},
  number={6},
  pages={519--530},
  year={2013},
  publisher={ACM}
}


@article{chetlur2014cudnn,
  title={cudnn: Efficient primitives for deep learning},
  author={Chetlur, Sharan and Woolley, Cliff and Vandermersch, Philippe and Cohen, Jonathan and Tran, John and Catanzaro, Bryan and Shelhamer, Evan},
  journal={arXiv preprint arXiv:1410.0759},
  year={2014}
}

@misc{dukhan2016nnpack,
  title={NNPACK},
  author={Dukhan, M},
  year={2016}
}


@article{bhatnagar2009natural,
  title={Natural actor--critic algorithms},
  author={Bhatnagar, Shalabh and Sutton, Richard S and Ghavamzadeh, Mohammad and Lee, Mark},
  journal={Automatica},
  volume={45},
  number={11},
  pages={2471--2482},
  year={2009},
  publisher={Elsevier}
}

@article{das2016distributed,
  title={Distributed deep learning using synchronous stochastic gradient descent},
  author={Das, Dipankar and Avancha, Sasikanth and Mudigere, Dheevatsa and Vaidynathan, Karthikeyan and Sridharan, Srinivas and Kalamkar, Dhiraj and Kaul, Bharat and Dubey, Pradeep},
  journal={arXiv preprint arXiv:1602.06709},
  year={2016}
}

